@article{mysource,
	author = {Ben Navetta},
	title = {A Title},
	journal = {A Journal},
	volume = 16,
	year = 2014,
	pages = {100-123}
}
